@inproceedings{
   author        = {Muthian Sivathanu and
                	Tapan Chugh and
                	Sanjay S. Singapuram and
                	Lidong Zhou},
   title         = {Astra: Exploiting Predictability to Optimize Deep Learning},
   booktitle     = {{ASPLOS}},
   publisher     = {{ACM}},
   year          = {2019}
}


@inproceedings{
   author        = {Weizhe Hua and
 				Yuan Zhou and
			    Christopher De Sa and
				Zhiru Zhang and
				G.Edward Suh},
   title	     = {Boosting the Performance of CNN Accelerators
   					with DynamicFine-Grained Channel Gating},
   booktile      = {{MICRO}},
   publisher     = {{ACM}},
   year		     = {2019}
}


@inproceedings{
	author       = {Chunhua Deng and
               		Fangxuan Sun and
               		Xuehai Qian and
               		Jun Lin and
               		Zhongfeng Wang and
               		Bo Yuan},
    title	     = {TIE: Energy-efficient Tensor Train-based Inference Engine
    				for Deep Neural Network},
    booktile     = {{ISCA}},
    publisher	 = {{ACM}},
    year		 = {2019},
}


@inproceedings{
  	author    	= {Jonathan Frankle and
               	   Michael Carbin},
  	title     	= {The Lottery Ticket Hypothesis:
  				   Finding Sparse, Trainable Neural Networks},
  	booktitle 	= {{ICLR}},
  	publisher 	= {OpenReview.net},
  	year      	= {2019}
}


@inproceedings{
  	author    	= {Lingxiao Ma and
				   Zhi Yang and
				   Youshan Miao and
				   Jilong Xue and
				   Ming Wu and
				   Lidong Zhou and
				   Yafei Dai},
  	title     	= {NeuGraph: Parallel Deep Neural Network Computation
  				   on Large Graphs},
  	booktitle 	= {{USENIX} Annual Technical Conference},
  	publisher 	= {{USENIX} Association},
  	year      	= {2019}
}


@inproceedings{
  	author    	= {Maciej Besta and
               	   Simon Weber and
               	   Lukas Gianinazzi and
                   Robert Gerstenberger and
               	   Andrey Ivanov and
               	   Yishai Oltchik and
               	   Torsten Hoefler},
  	title     	= {Slim graph: practical lossy graph compression for approximate graph
               	   processing, storage, and analytics},
  	booktitle 	= {{SC}},
  	publisher 	= {{ACM}},
  	year      	= {2019}
}


@article{
  	author    	= {Laxman Dhulipala and
               	   Julian Shun and
               	   Guy E. Blelloch},
  	title     	= {Low-Latency Graph Streaming Using Compressed Purely-Functional Trees},
  	journal     = {CoRR},
  	year      	= {2019}
}


@inproceedings{
  author    	= {Kun Dong and
               	   Austin R. Benson and
                   David Bindel},
  title     	= {Network Density of States},
  booktitle 	= {{KDD}},
  publisher 	= {{ACM}},
  year      	= {2019}
}